@online{HTML5,
  author = {Aula Formativa Soluciones Online S.L.},
  title = {Definici\'on, usos y ventajas del lenguaje HTML5},
  howpublished = "\url{http://blog.aulaformativa.com/definicion-usos-ventajas-lenguaje-html5/}",  
  urldate = {01-9-2016}

}

@online{JavaScript,
  title = {Introducci\'on a JavaScript orientado a objetos},
  howpublished = "\url{https://developer.mozilla.org/es/docs/Web/JavaScript/Introducci%C3%B3n_a_JavaScript_orientado_a_objetos}",
  urldate = {22-10-2017}
}

@online{TypeScript,
  author = {Enrique Fern\'andez Guerra},
  title = {Introducci\'on a TypeScript},
  howpublished = "\url{https://desarrolloweb.com/articulos/introduccion-a-typescript.html}",
  urldate = {02-06-2016}
}

@online{Css3,
  author = {Miguel \'Angel \'Alvarez},
  title = {Introducci\'on a CSS 3},
  howpublished = "\url{https://www.desarrolloweb.com/articulos/introduccion-css3.html}",
  urldate = {09-06-2008}
}

@online{Sass,
  author = {Dan Iel},
  title = {SASS y LESS : El presente de CSS},
  howpublished = "\url{http://maquetando.com/sass-y-less-el-presente-de-css}",
  urldate = {04-09-2008}
}

@online{Angular,
  title = {Documentaci\'on oficial de Angular},
  howpublished = "\url{https://angular.io/}",
}

@online{HTTP,
  title = {El protocolo HTTP},
  howpublished = "\url{http://es.ccm.net/contents/264-el-protocolo-http}",
  urldate = {10-2008}
}

@online{REST,
  author = {Cecilio \'Alvarez Caules },
  title = {?`Qu\'e es REST?},
  howpublished = "\url{https://www.arquitecturajava.com/que-es-rest/}",
  urldate = {18-11-2016}
}

@online{Node,
  author = {Mar\'ia Moreno Sierra},
  title = {?`Qu\'e es Node.js y para qu\'e sirve?},
  howpublished = "\url{http://noticias.universia.es/ciencia-tecnologia/noticia/2017/07/07/1154054/nodejs-sirve.html}",
  urldate = {07-07-2017}
}

@online{Express,
  title = {Documentaci\'on oficial de Express},
  howpublished = "\url{http://expressjs.com/es/}",
}

@online{MongoDB,
  title = {MongoDB lo que deber\'ias de saber antes de utilizarlo},
  howpublished = "\url{http://noticias.universia.es/ciencia-tecnologia/noticia/2017/07/07/1154054/nodejs-sirve.html}",
}

@online{TutorialAngular,
  title = {Tour of Heroes},
  howpublished = "\url{https://angular.io/tutorial}",
}

@online{Ionic,
  title = {Documentaci\'on oficial de Ionic},
  howpublished = "\url{https://ionicframework.com/docs/}",
}

@online{Historia,
  author = {Bartolom\'e Sintes Marco},
  title = {Historia de la Web (resumen)},
  howpublished = "\url{http://www.mclibre.org/consultar/htmlcss/otros/historia_resumen.html}",
  urldate = {27-08-2017}
}

@online{TutorialExpress,
  author = {Carlos Azaustre},
  title = {C\'omo crear un API REST usando Node.js, Express y MongoDB},
  howpublished = "\url{https://carlosazaustre.es/como-crear-una-api-rest-usando-node-js/}",  
  urldate = {05-06-2013}
}

@online{Timebridge,
  title = {P\'agina oficial de Timebridge},
  howpublished = "\url{http://www.timebridge.com/}",
}

@online{WhenIsGood,
  title = {When Is Good, buscando fechas en común para cualquier evento},
  howpublished = "\url{https://www.genbeta.com/web/when-is-good-buscando-fechas-en-comun-para-cualquier-evento}",
  urldate = {18-01-2009}
}

@online{Calendly,
  title = {P\'agina oficial de Calendly},
  howpublished = "\url{https://calendly.com/}",
}

@online{TimePal,
  author = {TapMafia},
  title = {Easy meeting planner across time zones - TimePal},
  howpublished = "\url{https://itunes.apple.com/us/app/easy-meeting-planner-across-time-zones-timepal/id508733200?mt=8}",
}

@online{ScheduleOnce,
  title = {P\'agina oficial de ScheduleOnce},
  howpublished = "\url{http://www.scheduleonce.com/}",
}

@online{Frontend,
  author = {Alber Pedraza},
  title = {?`Qu\'e es desarrollo frontend?},
  howpublished = "\url{https://desarrollofrontend.com/que-es-desarrollo-frontend/}",
  urldate = {01-09-2014}
}

@online{FrontendBackend,
  title = {?`Qu\'e es FrontEnd Y Backend en la programaci\'on web?},
  howpublished = "\url{https://serprogramador.es/que-es-frontend-y-backend-en-la-programacion-web/}",
  urldate = {12-04-2014}
}


